@book{Augusto,
    title = {"Taller - nociones de la memoria del computador"},
    author = {Augusto Salazar},
    isbn = {},
    series = {Departamento de Ingeniería Electrónica y Telecomunicaciones},
    year = {2018},
    publisher = {Universidad de Antioquia},
    keywords = {physics}
}
